@FOOTNOTE{Note1,key="Note1",note="Strictly speaking, this is only valid in the limit of low saturation (for $S\sim 1$ we have to take into account anti-bunching)."}
@CONTROL{REVTEX41Control}
@CONTROL{apsrev41Control,author="08",editor="1",pages="0",title="",year="1"}
